@STRING( EL = "Electronics Letters"
)

@STRING( ICL = "IEEE Communications Letters"
)

@STRING( ICM = "IEEE Communications Magazine"
)

@STRING( IJSAC = "IEEE Journal on Selected Areas of Communication"
)

@STRING( IJSC = "International Journal of Satellite Communications"
)

@STRING( ITC = "IEEE Transactions on Communications"
)

@STRING( ITIT = "IEEE Transactions on Information Theory"
)

@STRING( ITVT = "IEEE Transactions on Vehicular Technology"
)

@ARTICLE(Sharath:Gantry_Robot_Design,
	author = "G. S. Sharath and N. Hiremath and G. Manjunatha",
	doi = "10.1016/j.matpr.2020.11.965",
	issn = "22147853",
	journal = "Materials Today: Proceedings",
	month = "Jan.",
	pages = "377-384",
	publisher = "Elsevier BV",
	title = "Design and analysis of gantry robot for pick and place mechanism with {A}rduino {M}ega 2560 microcontroller and processed using pythons",
	volume = "45",
	year = "2021"
)

@ARTICLE(Canny:Computational_Edge_Detection,
	author = "John Canny",
	doi = "10.1109/TPAMI.1986.4767851",
	issn = "01628828",
	issue = "6",
	journal = "IEEE Transactions on Pattern Analysis and Machine Intelligence",
	month = "Nov.",
	pages = "679-698",
	title = "A Computational Approach to Edge Detection",
	volume = "PAMI-8",
	year = "1986"
)

@ARTICLE(Xiao:Localizing_3D_Cuboids,
	author = "Jianxiong Xiao and Bryan C. Russell and Antonio Torralba",
	issn = "10495258",
	journal = "Advances in Neural Information Processing Systems",
	title = "Localizing 3D cuboids in single-view images",
	volume = "1",
	year = "2012"
)

@ARTICLE(Wei:Robotic_Object_Recognition_With_Natural_Background,
	author = "Hui Wei and B Yang Chen",
	doi = "10.1177/1729881420921102",
	issn = "17298814",
	issue = "2",
	journal = "International Journal of Advanced Robotic Systems",
	month = "Mar.",
	pages = "1-17",
	title = "Robotic object recognition and grasping with a natural background",
	volume = "17",
	year = "2020"
)


@ARTICLE(Lundstrom:Industrial_Robot_Grippers,
	author = "Goran Lundstrom",
	doi = "10.1108/eb004449",
	issn = "0143991X",
	issue = "2",
	journal = "Industrial Robot",
	month = "Feb.",
	pages = "72-82",
	title = "Industrial Robot Grippers",
	volume = "1",
	year = "1973"
)

@ARTICLE(Burdea:Solving_Jigsaw_Puzzles_by_a_Robot,
	author = "Grigore C. Burdea and Haim J. Wolfson",
	doi = "10.1109/70.88097",
	issn = "1042296X",
	issue = "6",
	journal = "IEEE Transactions on Robotics and Automation",
	month = "Dec.",
	pages = "752-764",
	title = "Solving Jigsaw Puzzles by a Robot",
	volume = "5",
	year = "1989"
)

@ARTICLE(Gong2018:Overview_of_Contour_Detection_Approaches,
	author = "Xin Yi Gong and Hu Su and De Xu and Zheng Tao Zhang and Fei Shen and Hua Bin Yang",
	doi = "10.1007/s11633-018-1117-z",
	issn = "17518520",
	issue = "6",
	journal = "International Journal of Automation and Computing",
	month = "Jun.",
	pages = "656-672",
	title = "An Overview of Contour Detection Approaches",
	volume = "15",
	year = "2018"
)

@ARTICLE(Aggarwal:Line_Detection_Hough_Transform,
	author = "Nitin Aggarwal and William Clem Karl",
	doi = "10.1109/TIP.2005.863021",
	issn = "10577149",
	issue = "3",
	journal = "IEEE Transactions on Image Processing",
	month = "Feb.",
	pages = "582-591",
	title = "Line detection in images through regularized {H}ough transform",
	volume = "15",
	year = "2006"
)


@BOOK(Miller:Robots_and_Robotics_Principles,
	author = "Rex Miller",
	address = "New York",
	publisher = "McGraw-Hill Education",
	title = "Robots and Robotics Principles, Systems, and Industrial Applications",
	year = "2017"
)

@BOOK(Szeliski:Computer_Vision_Algorithms_and_Applications,
	author = "Richard Szeliski",
	address = "London",
	publisher = "Springer",
	title = "Computer Vision : Algorithms and Applications",
	year = "2011",
	pages = "42-52"
)

@MISC(Kumar:Visual_Servoing,
	author = "Akshay Kumar",
	title = "An Overview of Visual Servoing for Robot Manipulators",
	url = "https://control.com/technical-articles/an-overview-of-visual-servoing-for-robot-manipulators/",
	year = "2020", 
	howpublished = "Control Automation",
	month = "May 15,"
)

