@STRING( EL = "Electronics Letters"
)

@STRING( ICL = "IEEE Communications Letters"
)

@STRING( ICM = "IEEE Communications Magazine"
)

@STRING( IJSAC = "IEEE Journal on Selected Areas of Communication"
)

@STRING( IJSC = "International Journal of Satellite Communications"
)

@STRING( ITC = "IEEE Transactions on Communications"
)

@STRING( ITIT = "IEEE Transactions on Information Theory"
)

@STRING( ITVT = "IEEE Transactions on Vehicular Technology"
)

Robotic System Literature

@ARTICLE(Sharath:Gantry_Robot_Design,
	author = "G. S. Sharath and N. Hiremath and G. Manjunatha",
	doi = "10.1016/j.matpr.2020.11.965",
	issn = "22147853",
	journal = "Materials Today: Proceedings",
	month = "Jan.",
	pages = "377-384",
	publisher = "Elsevier BV",
	title = "Design and analysis of gantry robot for pick and place mechanism with {A}rduino {M}ega 2560 microcontroller and processed using pythons",
	volume = "45",
	year = "2021"
)

@ARTICLE(Lundstrom:Industrial_Robot_Grippers,
	author = "Goran Lundstrom",
	doi = "10.1108/eb004449",
	issn = "0143991X",
	issue = "2",
	journal = "Industrial Robot",
	month = "Feb.",
	pages = "72-82",
	title = "Industrial Robot Grippers",
	volume = "1",
	year = "1973"
)

@BOOK(Miller:Robots_and_Robotics_Principles,
	author = "Rex Miller",
	address = "New York",
	publisher = "McGraw-Hill Education",
	title = "Robots and Robotics Principles, Systems, and Industrial Applications",
	year = "2017"
)

Computer Vision Literature - Traditional

@ARTICLE(Otsu:Threshold_Selection_Method,  
	author="Otsu, Nobuyuki",  
	journal="IEEE Transactions on Systems, Man, and Cybernetics",   
	title="A Threshold Selection Method from Gray-Level Histograms",   
	year="1979",  
	volume="9",  
	number="1",  
	pages="62-66",  
	doi="10.1109/TSMC.1979.4310076"
)

CHECK
@ARTICLE(Suzuki:Binary_Image_Topological_Structural_Analysis,
	title = "Topological structural analysis of digitized binary images by border following",
	journal = "Computer Vision, Graphics, and Image Processing",
	volume = "30",
	number = "1",
	pages = "32-46",
	year = "1985",
	issn = "0734-189X",
	author = "Satoshi Suzuki and KeiichiA be"
)

CHECK
@ARTICLE(Yokoi:Binary_Image_Topological_Properties_Analysis,
	title = "An Analysis of Topological Properties of Digitized Binary Pictures Using Local Features",
	journal = "Computer Graphics and Image Processing",
	volume = "4",
	number = "1",
	pages = "63-73",
	year = "1975",
	issn = "0146-664X",
	author = "Shigeki Yokoi and Jun-ichiro Toriwaki and Teruo Fukumura"
)

CHECK
@INPROCEEDINGS(Lin:Character_Cube_Stacking_Robot,
	author = "Lin, Chyi-Yeu and Hsueh, Chia-Lun",
	booktitle = "2008 10th International Conference on Control, Automation, Robotics and Vision",
	year = "2008",
	month = "Dec.",
	pages = "791-796",
	title = "Recognition Technique for Character Cube Stacking Robot"
)

Computer Vision Literature

@ARTICLE(Canny:Computational_Edge_Detection,
	author = "John Canny",
	doi = "10.1109/TPAMI.1986.4767851",
	issn = "01628828",
	issue = "6",
	journal = "IEEE Transactions on Pattern Analysis and Machine Intelligence",
	month = "Nov.",
	pages = "679-698",
	title = "A Computational Approach to Edge Detection",
	volume = "PAMI-8",
	year = "1986"
)

CHECK
@INPROCEEDINGS(Harris:Corner_and_Edge_Detector,
	title = "A Combined Corner and Edge Detector",
	author = "Christopher G. Harris and M. J. Stephens",
	booktitle = "Alvey Vision Conference",
	year = "1988",
	volume = "15",
	issue = "50"
)

@ARTICLE(Xiao:Localizing_3D_Cuboids,
	author = "Jianxiong Xiao and Bryan C. Russell and Antonio Torralba",
	issn = "10495258",
	journal = "Advances in Neural Information Processing Systems",
	title = "Localizing {3D} cuboids in single-view images",
	volume = "1",
	year = "2012"
)

CHECK
@INPROCEEDINGS(Guruprasad:Overview_of_Thresholding_Methods,
	author = "Guruprasad, Prathima",
	year = "2020",
	month = "Jun. ",
	pages = "1-4",
	title = "OVERVIEW OF DIFFERENT THRESHOLDING METHODS IN IMAGE PROCESSING",
	booktitle = "Proc. TEQIP Sponsored 3rd Nat. Conf. ETACC"
)

CHECK
@MISC(MathWorks:Object_Recognition,
	author        = "{The MathWorks, Inc.}",
	title         = "Object Recognition",
	howpublished  = "Accessed Oct. 30, 2021",
	url           = "https://www.mathworks.com/solutions/image-video-processing/object-recognition.html"
)

@ARTICLE(Wei:Robotic_Object_Recognition_With_Natural_Background,
	author = "Hui Wei and B Yang Chen",
	doi = "10.1177/1729881420921102",
	issn = "17298814",
	issue = "2",
	journal = "International Journal of Advanced Robotic Systems",
	month = "Mar.",
	pages = "1-17",
	title = "Robotic object recognition and grasping with a natural background",
	volume = "17",
	year = "2020"
)

@ARTICLE(Burdea:Solving_Jigsaw_Puzzles_by_a_Robot,
	author = "Grigore C. Burdea and Haim J. Wolfson",
	doi = "10.1109/70.88097",
	issn = "1042296X",
	issue = "6",
	journal = "IEEE Transactions on Robotics and Automation",
	month = "Dec.",
	pages = "752-764",
	title = "Solving Jigsaw Puzzles by a Robot",
	volume = "5",
	year = "1989"
)

@ARTICLE(Gong2018:Overview_of_Contour_Detection_Approaches,
	author = "Xin Yi Gong and Hu Su and De Xu and Zheng Tao Zhang and Fei Shen and Hua Bin Yang",
	doi = "10.1007/s11633-018-1117-z",
	issn = "17518520",
	issue = "6",
	journal = "International Journal of Automation and Computing",
	month = "Jun.",
	pages = "656-672",
	title = "An Overview of Contour Detection Approaches",
	volume = "15",
	year = "2018"
)

@ARTICLE(Aggarwal:Line_Detection_Hough_Transform,
	author = "Nitin Aggarwal and William Clem Karl",
	doi = "10.1109/TIP.2005.863021",
	issn = "10577149",
	issue = "3",
	journal = "IEEE Transactions on Image Processing",
	month = "Feb.",
	pages = "582-591",
	title = "Line detection in images through regularized {H}ough transform",
	volume = "15",
	year = "2006"
)

@BOOK(Szeliski:Computer_Vision_Algorithms_and_Applications,
	author = "Richard Szeliski",
	address = "London",
	publisher = "Springer",
	title = "Computer Vision : Algorithms and Applications",
	year = "2011",
	pages = "42-52"
)

@article(Lowe:Distinctive_Image_Features_from_Scale_Invariant_Keypoints,
	author = "Lowe, David G.",
	title = "Distinctive Image Features from Scale-Invariant Keypoints",
	year = "2004",
	issue_date = "November 2004",
	publisher = "Kluwer Academic Publishers",
	address = "USA",
	volume = "60",
	number = "2",
	issn = "0920-5691",
	doi = "10.1023/B:VISI.0000029664.99615.94",
	journal = "Int. J. Comput. Vision",
	month = nov,
	pages = "91â€“110",
	numpages = "20",
	keywords = "scale invariance, object recognition, invariant features, image matching"
)

@INPROCEEDINGS(Bay:SURF_Speeded_Up_Robust_Features,
	author = "Bay, Herbert
	and Tuytelaars, Tinne
	and Van Gool, Luc",
	editor = "Leonardis, Ale{\v{s}}
and Bischof, Horst
	and Pinz, Axel",
	title = "SURF: Speeded Up Robust Features",
	booktitle = "Computer Vision -- ECCV 2006",
	year = "2006",
	publisher = "Springer Berlin Heidelberg",
	address = "Berlin, Heidelberg",
	pages = "404--417",
	isbn = "978-3-540-33833-8"
)

@INPROCEEDINGS(Rosten:Machine_Learning_for_High_Speed_Corner_Detection,
	author = "Rosten, Edward
	and Drummond, Tom",
	editor = "Leonardis, Ale{\v{s}}
	and Bischof, Horst
	and Pinz, Axel",
	title = "Machine Learning for High-Speed Corner Detection",
	booktitle = "Computer Vision -- ECCV 2006",
	year = "2006",
	publisher = "Springer Berlin Heidelberg",
	address = "Berlin, Heidelberg",
	pages = "430--443",
	isbn = "978-3-540-33833-8"
)

@INPROCEEDINGS(Rublee:ORB_Alternative_to_SIFT_or_SURF,
	author="Rublee, Ethan and Rabaud, Vincent and Konolige, Kurt and Bradski, Gary",
	booktitle="2011 International Conference on Computer Vision", 
	title="{ORB}: An efficient alternative to {SIFT} or {SURF}", 
	year="2011",
	volume="",
	number="",
	pages="2564-2571",
	doi="10.1109/ICCV.2011.6126544"
)

@InProceedings(Calonder:BRIEF_Binary_Robust_Independent_Elementary_Features,
	author = "Calonder, Michael
	and Lepetit, Vincent
	and Strecha, Christoph
	and Fua, Pascal",
	editor = "Daniilidis, Kostas
	and Maragos, Petros
	and Paragios, Nikos",
	title = "{BRIEF}: Binary Robust Independent Elementary Features",
	booktitle = "Computer Vision -- ECCV 2010",
	year = "2010",
	publisher = "Springer Berlin Heidelberg",
	address = "Berlin, Heidelberg",
	pages = "778--792",
	isbn = "978-3-642-15561-1"
)

Computer Vision Literature - Localisation

@INPROCEEDINGS(Liu:6DOF_Object_Localization,
	author = "Liu, Kun and Shang, Weiwei and Du, Shuang and Cong, Shuang",
	booktitle = "2017 36th Chinese Control Conference (CCC)", 
	title = "{6-DOF} object localization by combining monocular vision and robot arm kinematics", 
	year = "2017",
	volume = "",
	number = "",
	pages = "6575-6580",
	doi = "10.23919/ChiCC.2017.8028399"
)

@INPROCEEDINGS(Azad:Stereo-based_6D_Object_Localization,
	author = "Pedram Azad and Tamim Asfour and Dillmann, Ruediger",
	booktitle = "2007 IEEE/RSJ International Conference on Intelligent Robots and Systems", 
	title = "Stereo-based {6D} object localization for grasping with humanoid robot systems", 
	year = "2007",
	volume = "",
	number = "",
	pages = "919-924",
	doi = "10.1109/IROS.2007.4399135"
)

@MISC(OpenCV:Camera_Calibration,
	author = "{OpenCV team}",
	title = "Camera Calibration and {3D} Reconstruction",
	howpublished = "Accessed Oct. 31, 2021",
	url = "https://docs.opencv.org/2.4/modules/calib3d/doc/camera_calibration_and_3d_reconstruction.html"
)

@MISC(MathWorks:Camera_Calibration,
	author = "{The MathWorks, Inc.}",
	title = "What Is Camera Calibration?",
	howpublished = "Accessed Nov. 01, 2021",
	url = "https://www.mathworks.com/help/vision/ug/camera-calibration.html"
)

@MISC(OpenCV:Textured_Object_Pose_Estimation,
	author = "{OpenCV team}",
	title = "Real Time pose estimation of a textured object",
	howpublished = "Accessed Nov. 6, 2021",
	url = "https://docs.opencv.org/3.4.15/dc/d2c/tutorial_real_time_pose.html"
)

@ARTICLE(Lepetit:EPnP,
	author = "Lepetit, Vincent and Moreno-Noguer, Francesc and Fua, Pascal",
	year = "2009",
	month = "02",
  	pages="155-166",
	title = "{EPnP}: An accurate {O(n)} solution to the {PnP} problem",
	volume = "81",
	journal = "International Journal of Computer Vision",
	doi = "10.1007/s11263-008-0152-6"
)

@ARTICLE(Zhang:A_Flexible_Camera_Calibration_Technique,  
	author = "Zhang, Z.",
	journal = "IEEE Transactions on Pattern Analysis and Machine Intelligence",   
	title = "A flexible new technique for camera calibration",   
	year = "2000",  
	volume = "22", 
	number = "11",  
	pages = "1330-1334",  
	doi = "10.1109/34.888718"
)

@MISC(Kumar:Visual_Servoing,
	author = "Akshay Kumar",
	title = "An Overview of Visual Servoing for Robot Manipulators",
	url = "https://control.com/technical-articles/an-overview-of-visual-servoing-for-robot-manipulators/",
	year = "2020", 
	howpublished = "Control Automation",
	month = "May 15"
)

Computer Vision Literature - Fiducial Markers

@TECHREPORT(Hirzer:Marker_Detection_for_Augmented_Reality_Applications,
	author = "Hirzer, Martin",
	title = "Marker Detection for Augmented Reality Applications",
	institution = "Inst. for Computer Graphics and Vision, Graz University of Technology",
	address = "Austria",
	number = "ICGâ€“TRâ€“08/05",
	month = "Oct.",
	year = "2008"
)

@ARTICLE(Kostak:Designing_a_Simple_Fiducial_Marker,  
	author = "Kostak, Milan and Slaby, Antonin",
	journal = "Sensors",   
	title = "Designing a Simple Fiducial Marker for Localization in Spatial Scenes Using Neural Networks",   
	year = "2021",  
	volume = "21", 
	number = "16",  
	pages = "5407",  
	doi = "10.3390/s21165407"
)

@ARTICLE(Zhang:DeepTag_General_Framework_for_Fiducial_Marker_Design,
	title = "{DeepTag}: A General Framework for Fiducial Marker Design and Detection",
	author = "Zhuming Zhang and Yongtao Hu and Guoxing Yu and Jingwen Dai",
	journal = "ArXiv",
	year = "2021",
	volume = "abs/2105.13731"
)

@INPROCEEDINGS(Wagner:ARToolKitPlus,
	title= "{ARToolKitPlus} for Pose Tracking on Mobile Devices",
	booktitle = "Proceedings  of  12th  Computer  Vision  Winter  Workshop (CVWWâ€™07)",
	author= "Daniel Wagner and Dieter Schmalstieg",
	month = "Feb.",
	year = "2007"
)

@INPROCEEDINGS(Olson:AprilTag,
	author = "Olson, Edwin",
	booktitle = "2011 IEEE International Conference on Robotics and Automation", 
	title = "AprilTag: A robust and flexible visual fiducial system", 
	year = "2011",
	pages = "3400-3407",
	doi = "10.1109/ICRA.2011.5979561"
)